@article{Atsalakis2009,
  title = {Surveying stock market forecasting techniques - {Part II}: {Soft} computing methods},
  author = {Atsalakis, George S. and Valavanis, Kimon P.},
  journal = {Expert Systems with Applications},
  volume = {36},
  number = {3},
  pages = {5932--5941},
  year = {2009},
  doi = {10.1016/j.eswa.2008.07.006}
}

@article{Bollen2011,
  title = {Twitter mood predicts the stock market},
  author = {Bollen, Johan and Mao, Huina and Zeng, Xiaojun},
  journal = {Journal of Computational Science},
  volume = {2},
  number = {1},
  pages = {1--8},
  year = {2011},
  doi = {10.1016/j.jocs.2010.12.007}
}

@article{Hu2015,
  title = {A hybrid stock trading framework integrating technical analysis with machine learning techniques},
  author = {Hu, Yangyang and Liu, Kai and Zhang, Xiangzhou and Su, Lijun and Ngai, E.W.T. and Liu, Mei},
  journal = {The Journal of Finance and Data Science},
  volume = {1},
  number = {1},
  pages = {54--67},
  year = {2015},
  doi = {10.1016/j.jfds.2015.07.001}
}

@article{Fama1970,
  title = {Efficient Capital Markets: A Review of Theory and Empirical Work},
  author = {Fama, Eugene F.},
  journal = {The Journal of Finance},
  volume = {25},
  number = {2},
  pages = {383--417},
  year = {1970},
  doi = {10.2307/2325486}
}

@article{Tetlock2007,
  title = {Giving Content to Investor Sentiment: The Role of Media in the Stock Market},
  author = {Tetlock, Paul C.},
  journal = {The Journal of Finance},
  volume = {62},
  number = {3},
  pages = {1139--1168},
  year = {2007},
  doi = {10.1111/j.1540-6261.2007.01232.x}
}

@book{Murphy1999,
  title = {Technical Analysis of the Financial Markets: A Comprehensive Guide to Trading Methods and Applications},
  author = {Murphy, John J.},
  publisher = {New York Institute of Finance},
  year = {1999},
  isbn = {9780735200661}
}

@article{Lam2001,
  title = {Neural network techniques for financial performance prediction: integrating fundamental and technical analysis},
  author = {Lam, Monica},
  journal = {Decision Support Systems},
  volume = {37},
  number = {4},
  pages = {567--581},
  year = {2004},
  doi = {10.1016/S0167-9236(03)00088-5}
}

@article{Dash2016,
  title = {Stock market prediction using Artificial Neural Networks},
  author = {Dash, R. and Dash, P.K.},
  journal = {International Journal of Advanced Computer Science and Applications},
  volume = {7},
  number = {6},
  pages = {324--330},
  year = {2016},
  doi = {10.14569/IJACSA.2016.070642}
}

@article{Huang2005,
  title = {Forecasting stock market movement direction with support vector machine},
  author = {Huang, Wei and Nakamori, Yoshiteru and Wang, Shou-Yang},
  journal = {Computers \& Operations Research},
  volume = {32},
  number = {10},
  pages = {2513--2522},
  year = {2005},
  doi = {10.1016/j.cor.2004.03.016}
}

@article{Patel2015,
  title = {Predicting stock and stock price index movement using Trend Deterministic Data Preparation and machine learning techniques},
  author = {Patel, Jigar and Shah, Sahil and Thakkar, Priyank and Kotecha, K.},
  journal = {Expert Systems with Applications},
  volume = {42},
  number = {1},
  pages = {259--268},
  year = {2015},
  doi = {10.1016/j.eswa.2014.07.040}
}

@article{Fischer2018,
  title = {Deep learning with long short-term memory networks for financial market predictions},
  author = {Fischer, Thomas and Krauss, Christopher},
  journal = {European Journal of Operational Research},
  volume = {270},
  number = {2},
  pages = {654--669},
  year = {2018},
  doi = {10.1016/j.ejor.2017.11.054}
}

@inproceedings{Selvin2017,
  title = {Stock price prediction using LSTM, RNN and CNN-sliding window model},
  author = {Selvin, Sreelekshmy and Vinayakumar, R. and Gopalakrishnan, E.A. and Menon, Vijay Krishna and Soman, K.P.},
  booktitle = {2017 International Conference on Advances in Computing, Communications and Informatics (ICACCI)},
  pages = {1643--1647},
  year = {2017},
  doi = {10.1109/ICACCI.2017.8126078}
}

@article{Krauss2017,
  title = {Deep neural networks, gradient-boosted trees, random forests: Statistical arbitrage on the S\&P 500},
  author = {Krauss, Christopher and Do, Xuan Anh and Huck, Nicolas},
  journal = {European Journal of Operational Research},
  volume = {259},
  number = {2},
  pages = {689--702},
  year = {2017},
  doi = {10.1016/j.ejor.2016.10.031}
}

@article{Li2014,
  title = {News-based stock market prediction using neural networks},
  author = {Li, Xiaodong and Xie, Haoran and Chen, Li and Wang, Jianping and Deng, Xiaotie},
  journal = {IEEE Transactions on Systems, Man, and Cybernetics: Systems},
  volume = {44},
  number = {11},
  pages = {1561--1574},
  year = {2014},
  doi = {10.1109/TSMC.2014.2350389}
}

@inproceedings{Pagolu2016,
  title = {Sentiment analysis of Twitter data for predicting stock market movements},
  author = {Pagolu, Venkata Sasank and Reddy, K.N. Chaitanya and Panda, Ganapati and Majhi, Babita},
  booktitle = {2016 International Conference on Signal Processing, Communication, Power and Embedded System (SCOPES)},
  pages = {1345--1350},
  year = {2016},
  doi = {10.1109/SCOPES.2016.7955659}
}

@article{Sohangir2018,
  title = {Big Data: Deep Learning for financial sentiment analysis},
  author = {Sohangir, Sahar and Wang, Dingding and Pomeranets, Anna and Khoshgoftaar, Taghi M.},
  journal = {Journal of Big Data},
  volume = {5},
  number = {1},
  pages = {3},
  year = {2018},
  doi = {10.1186/s40537-017-0111-6}
} 